<?xml version="1.0" encoding="UTF-8"?><record xmlns="http://www.loc.gov/MARC21/slim" xmlns:cinclude="http://apache.org/cocoon/include/1.0" xmlns:zs="http://www.loc.gov/zing/srw/">
  <leader>00644cz  a2200133n  4500</leader>
  <controlfield tag="001">n  98049619 </controlfield>
  <controlfield tag="003">DLC</controlfield>
  <controlfield tag="005">20120807084718.0</controlfield>
  <controlfield tag="008">980601n| acannaab           |n ana      </controlfield>
  <datafield tag="010" ind1=" " ind2=" ">
    <subfield code="a">n  98049619 </subfield>
  </datafield>
  <datafield tag="040" ind1=" " ind2=" ">
    <subfield code="a">DLC</subfield>
    <subfield code="b">eng</subfield>
    <subfield code="c">DLC</subfield>
    <subfield code="d">DLC</subfield>
  </datafield>
  <datafield tag="111" ind1="2" ind2=" ">
    <subfield code="a">Exposição Cartografia e Diplomacia no Brasil do Século XVIII</subfield>
    <subfield code="d">(1997 :</subfield>
    <subfield code="c">Lisbon, Portugal)</subfield>
  </datafield>
  <datafield tag="667" ind1=" " ind2=" ">
    <subfield code="a">THIS 1XX FIELD CANNOT BE USED UNDER RDA UNTIL THIS RECORD HAS BEEN REVIEWED AND/OR UPDATED</subfield>
  </datafield>
  <datafield tag="670" ind1=" " ind2=" ">
    <subfield code="a">Cartografia e diplomacia no Brasil do ... 1997:</subfield>
    <subfield code="b">t.p. verso (Exposição Cartografia e Diplomacia no Brasil do Século XVIII; held at the Cordoaria [Nacional in Lisbon], July 7 to Aug. 7, 1997)</subfield>
  </datafield>
</record>